
@article{dongshihai2004,
  title={人机交互的进展及面临的挑战},
  author={董士海},
  journal={计算机辅助设计与图形学学报},
  volume={16},
  number={1},
  pages={1--13},
  year={2004}
}

@book{knuth1986texbook,
  title={The texbook},
  author={Knuth, Donald Ervin and Bibby, Duane},
  volume={1993},
  year={1986},
  publisher={Addison-Wesley Reading, MA, USA}
}
